@inproceedings{Webley2011,
author = {Webley, Lawrence and Chipeperekwa, Tatenda and Suleman, Hussein},
booktitle = {Proceedings 14th International Symposium on Electronic Theses and Dissertations},
editor={Olivier, Elsabe and Hussein Suleman},
file = {:home/phiri/Downloads/etd2011{\_}webley.pdf:pdf},
keywords = {etd,harvester,metadata,national archive,oai-pmh,portal,repository,required},
mendeley-groups = {Work/2014 (3)/ETDPortal},
title = {{Creating a National Electronic Thesis and Dissertation Portal in South Africa}},
url = {http://pubs.cs.uct.ac.za/archive/00000748},
year = {2011}
}
